% Encoding: UTF-8

%@Misc{bookexample,
% title = {Фамилия И.О. Название книги. — Город издательства: <<Издательство>>, Год. %— Количество страниц.}
%}

@Misc{book1,
 title = {Лусиану Рамальо. Python – к  вершинам мастерства: Лаконичное и эффективное программирование / пер. с англ. А. А. Слинкина. 2-е изд. – М.: МК Пресс, 2022. –
898 с.}
}

@Misc{book2,
  title = {Билл Любанович. Простой Python. Современный стиль программирования / пер. с англ. Е. Зазноба. <<Питер>>, 2021. - 592 с.}
}

@Misc{book3,
 title = {Алан Д. Мур. Python GUI Programming with Tkinter. 2nd Edition. <<Packt Publishing>>, 2021. — 860 с.}
}

@Misc{book4,
  title = {Марк Розман. Modern Tkinter for Busy Python Developers <<Late Afternoon Press>>, 2020. 307 с.}
}

@Misc{site1,
 title = {MetaNit [Электронный ресурс] Руководство по программированию на Tkinter и Python. Режим доступа: \href{https://metanit.com/python/tkinter}{https://metanit.com/python/tkinter}.},
 urldate = {2024-02-20}
}

@Comment{jabref-meta: databaseType:biblatex;}